###############################################################################
### Books
###############################################################################

@book{KernelDevelopment,
	title = {Linux Kernel Development},
	author = {Robert Love},
	isbn = {9780672329463},
	year = {2010},
	publisher = {Pearson Education, Inc.},
	series = {},
	address = {Indiana, US},
	edition = {3},
}

@book{LinuxDrivers,
	title = {Linux Device Drivers},
	author = {Corbet, Jonathan and Rubini, Alessandro and Kroah-Hartman, Greg},
	isbn = {9780596005900},
	year = {2005},
	month = {February},
	publisher = {Oâ€™Reilly Media, Inc.},
	series = {},
	address = {Sebastopol, CA},
	edition = {3},
}

###############################################################################
### Books
###############################################################################

###############################################################################
### Misc
###############################################################################

@misc{DriverKernelLinux,
	author = {Kernel.org},
	title = {Device Drivers},
	year = {},
	month = {},
	note = {},
	doi = {},
	url = {https://www.kernel.org/doc/Documentation/driver-model/driver.txt},
	urldate = {Nov. 04, 2013},
	howpublished = {},
	language = {English},
	organization = {Linux Kernel Organization},
	address = {},
}

@misc{LinuxDeviceList,
	author = {LANANA},
	title = {Linux Device List},
	year = {2009},
	month = {April},
	note = {},
	doi = {},
	url = {https://www.kernel.org/doc/Documentation/devices.txt},
	urldate = {Nov. 04, 2013},
	howpublished = {},
	language = {English},
	organization = {The Linux Assigned Names And Numbers Authority},
	address = {},
}

@misc{HelloWorld_Mark,
	author = {Mark Loiseau},
	title = {{``Hello World'' Loadable Kernel Module}},
	year = {2012},
	month = {April},
	note = {},
	doi = {},
	url = {http://blog.markloiseau.com/2012/04/hello-world-loadable-kernel-module-tutorial/},
	urldate = {Nov. 11, 2013},
	howpublished = {},
	language = {English},
	organization = {},
	address = {},
}

@misc{Codecall_XOR,
	author = {ShadenSmith},
	title = {{C Tutorial - XOR Encryption}},
	year = {2009},
	month = {June},
	note = {},
	doi = {},
	url = {http://forum.codecall.net/topic/48889-c-tutorial-xor-encryption/},
	urldate = {Nov. 12, 2013},
	howpublished = {},
	language = {English},
	organization = {Codecall},
	address = {},
}

###############################################################################
### Misc
###############################################################################
